@String{PODS = "Proc. of ACM Symposium on Principles of Database

          Systems (PODS)"}

@String{DBPL = "Proc. of Int'l Workshop on Database Programming Languages (DBPL)"}

@String{JCSS = {Journal of Computer and System Sciences (JCSS)}}

@String{TKDE = {IEEE Trans. on Data and Knowledge Engineering}}

@String{CACM = {Communicationforeign keyss of the ACM}}

@String{ACMCS = {ACM Computing Surveys}}

@String{JACM = {Journal of the ACM}}

@String{TSE = {IEEE Trans. on Software Engineering}}

@String{TOOIS = "ACM Trans. on Office Information Systems"}

@String{TODS = "ACM Trans. on Database Systems"}

@String{TOPLAS = "ACM Trans. on Programming Languages and Systems"}

@String{VLDB = "Proc. of Int'l Conf. on Very Large Databases (VLDB)"}

@String{ICDT = "Proc. of Int'l Conf. on Database Theory (ICDT)"}

@String{ICDE = "Proc. of IEEE Int'l Conf. on Data Engineering (ICDE)"}

@String{OODBS86 = "Proc. of IEEE Int'l Workshop on Object-Oriented Database Systems"}

@String{SIGMOD = "Proc. of ACM SIGMOD Conf. on Management of Data"}

@String{SIGPLAN = "Proceedings of ACM SIGPLAN Conference on Programming Language Design and Implementation"}

@String{Wesley = "Addison Wesley, Reading, MA"}

@String{BTW =  "Proceedings der GI-Fachtagung Datenbanksysteme f{\"u}r B{\"u}ro, Technik und Wissenschaft (BTW)"}

@String{DOOD = "Proceedings International Conference on Deductive and Object-Oriented Databases (DOOD)"}

@String{DKEng = "Data \& Knowledge Engineering"}

@String{IJCAI = "International Joint Conference on Artificial Intelligence"}

@String{AAAI = "Proceedings National Conference on Artificial Intelligence"}

@String{DAC= "Proceedings of Design Automation Conference"}

@String{EDBT= "Proceedings of the International Conference on Extending Database Technology"}

@String{HICSS= "Proceedings of the Hawaiian Conference on Computer and System Sciences"}

@String{FOOL = "Proceedings of the Foundations of Object-Oriented Languages Workshop"}

@String{TCS = "Theoretical Computer Science"}

@String{TSI = "Technology and Science of Informatics"}

@String{SEMIWORK = "Workshop on Management of Semistructured Data"}

@String{ACMTOIS = "ACM Transactions on Information Systems"}

@String{DL = "Proceedings of ACM Conference on Digital Libraries"}

@String{COOPIS = {Proceedings of International Conference on Cooperative Information Systems (CoopIS)}}

@String{LNCS = {Lecture Notes in Computer Science}}

@String{WWW = {Proceedings of International {W}orld {W}ide {W}eb Conference}}

@String{RIDE = {Research Issues in Data Engineering}}

@String{NGITS = {Next Generation Information Technologies and

          Systems}}

@String{LICS = {Proceedings of Logic in Computer Science (LICS)}}



@string{siamjc = "{SICOMP}"}

@string{tsmc = "{IEEE} Transactions on Systems, Man, and Cybernetics"}

@inproceedings{kolahi2009approximating,
  title={On approximating optimum repairs for functional dependency violations},
  author={Kolahi, Solmaz and Lakshmanan, Laks VS},
  booktitle={Proceedings of the 12th International Conference on Database Theory},
  year={2009}
}

@inproceedings{bohannon2007conditional,
  title={Conditional functional dependencies for data cleaning},
  author={Bohannon, Philip and Fan, Wenfei and Geerts, Floris and Jia, Xibei and Kementsietsidis, Anastasios},
  booktitle={2007 IEEE 23rd international conference on data engineering},
  year={2007}
}

@article{jindal2014review,
  title={A review of ranking approaches for semantic search on web},
  author={Jindal, Vikas and Bawa, Seema and Batra, Shalini},
  journal={Information Processing \& Management},
  year={2014}
}

@inproceedings{fionda2018fact,
  title={Fact checking via evidence patterns},
  author={Fionda, Valeria and Pirr{\`o}, Giuseppe},
  booktitle={Proceedings of the 27th International Joint Conference on Artificial Intelligence},
  year={2018}
}

@inproceedings{zhang2016collaborative,
  title={Collaborative knowledge base embedding for recommender systems},
  author={Zhang, Fuzheng and Yuan, Nicholas Jing and Lian, Defu and Xie, Xing and Ma, Wei-Ying},
  booktitle={Proceedings of the 22nd ACM SIGKDD international conference on knowledge discovery and data mining},
  year={2016}
}

@inproceedings{yu2011extending,
  title={Extending functional dependency to detect abnormal data in RDF graphs},
  author={Yu, Yang and Heflin, Jeff},
  booktitle={International Semantic Web Conference},
  year={2011}
}

@inproceedings{fan2016functional,
  title={Functional dependencies for graphs},
  author={Fan, Wenfei and Wu, Yinghui and Xu, Jingbo},
  booktitle={Proceedings of the 2016 International Conference on Management of Data},
  year={2016}
}

@article{lin2019discovering,
  title={Discovering Patterns for Fact Checking in Knowledge Graphs},
  author={Lin, Peng and Song, Qi and Wu, Yinghui and Pi, Jiaxing},
  journal={Journal of Data and Information Quality (JDIQ)},
  year={2019}
}

@inproceedings{fan2017dependencies,
  title={Dependencies for graphs},
  author={Fan, Wenfei and Lu, Ping},
  booktitle={Proceedings of the 36th ACM SIGMOD-SIGACT-SIGAI Symposium on Principles of Database Systems},
  year={2017}
}

@article{galarraga2015fast,
  title={Fast rule mining in ontological knowledge bases with AMIE++},
  author={Gal{\'a}rraga, Luis and Teflioudi, Christina and Hose, Katja and Suchanek, Fabian M},
  journal={The VLDB Journalâ€”The International Journal on Very Large Data Bases},
  year={2015}
}

@inproceedings{galarraga2013amie,
  title={AMIE: association rule mining under incomplete evidence in ontological knowledge bases},
  author={Gal{\'a}rraga, Luis Antonio and Teflioudi, Christina and Hose, Katja and Suchanek, Fabian},
  booktitle={Proceedings of the 22nd international conference on World Wide Web},
  year={2013}
}

@article{rashid2019completeness,
  title={Completeness and consistency analysis for evolving knowledge bases},
  author={Rashid, Mohammad Rifat Ahmmad and Rizzo, Giuseppe and Torchiano, Marco and Mihindukulasooriya, Nandana and Corcho, Oscar and Garc{\'\i}a-Castro, Ra{\'u}l},
  journal={Journal of Web Semantics},
  year={2019}
}

@inproceedings{wienand2014detecting,
  title={Detecting incorrect numerical data in dbpedia},
  author={Wienand, Dominik and Paulheim, Heiko},
  booktitle={European Semantic Web Conference},
  year={2014}
}

@inproceedings{melo2017detection,
  title={Detection of relation assertion errors in knowledge graphs},
  author={Melo, Andr{\'e} and Paulheim, Heiko},
  booktitle={Proceedings of the Knowledge Capture Conference},
  year={2017},
}

@article{krishnan2016activeclean,
  title={ActiveClean: interactive data cleaning for statistical modeling},
  author={Krishnan, Sanjay and Wang, Jiannan and Wu, Eugene and Franklin, Michael J and Goldberg, Ken},
  journal={Proceedings of the VLDB Endowment},
  year={2016}
}

@inproceedings{fleischhacker2014detecting,
  title={Detecting errors in numerical linked data using cross-checked outlier detection},
  author={Fleischhacker, Daniel and Paulheim, Heiko and Bryl, Volha and V{\"o}lker, Johanna and Bizer, Christian},
  booktitle={International semantic web conference},
  year={2014}
}

@inproceedings{peng2018anomalous,
  title={ANOMALOUS: A Joint Modeling Approach for Anomaly Detection on Attributed Networks.},
  author={Peng, Zhen and Luo, Minnan and Li, Jundong and Liu, Huan and Zheng, Qinghua},
  booktitle={IJCAI},
  year={2018}
}

@inproceedings{ding2019deep,
  title={Deep Anomaly Detection on Attributed Networks},
  author={Ding, Kaize and Li, Jundong and Bhanushali, Rohit and Liu, Huan},
  booktitle={Proceedings of the 2019 SIAM International Conference on Data Mining},
  year={2019}
}

@inproceedings{zhong2019graph,
  title={Graph Convolutional Label Noise Cleaner: Train a Plug-and-play Action Classifier for Anomaly Detection},
  author={Zhong, Jia-Xing and Li, Nannan and Kong, Weijie and Liu, Shan and Li, Thomas H and Li, Ge},
  booktitle={Proceedings of the IEEE Conference on Computer Vision and Pattern Recognition},
  year={2019}
}

@article{sun2019adagcn,
  title={AdaGCN: Adaboosting Graph Convolutional Networks into Deep Models},
  author={Sun, Ke and Lin, Zhouchen and Zhu, Zhanxing},
  journal={arXiv preprint arXiv:1908.05081},
  year={2019}
}

@article{wu2019comprehensive,
  title={A comprehensive survey on graph neural networks},
  author={Wu, Zonghan and Pan, Shirui and Chen, Fengwen and Long, Guodong and Zhang, Chengqi and Yu, Philip S},
  journal={arXiv preprint arXiv:1901.00596},
  year={2019}
}

@article{kipf2016semi,
  title={Semi-supervised classification with graph convolutional networks},
  author={Kipf, Thomas N and Welling, Max},
  journal={arXiv preprint arXiv:1609.02907},
  year={2016}
}

@inproceedings{wang2018non,
  title={Non-local neural networks},
  author={Wang, Xiaolong and Girshick, Ross and Gupta, Abhinav and He, Kaiming},
  booktitle={Proceedings of the IEEE Conference on Computer Vision and Pattern Recognition},
  year={2018}
}

@article{kapoor2019mixhop,
  title={MixHop: Higher-Order Graph Convolutional Architectures via Sparsified Neighborhood Mixing},
  author={Kapoor, Amol and Galstyan, Aram and Perozzi, Bryan and Ver Steeg, Greg and Harutyunyan, Hrayr and Lerman, Kristina and Alipourfard, Nazanin and Abu-El-Haija, Sami},
  year={2019}
}

@article{xu2018representation,
  title={Representation learning on graphs with jumping knowledge networks},
  author={Xu, Keyulu and Li, Chengtao and Tian, Yonglong and Sonobe, Tomohiro and Kawarabayashi, Ken-ichi and Jegelka, Stefanie},
  journal={arXiv preprint arXiv:1806.03536},
  year={2018}
}

@article{klicpera2018predict,
  title={Predict then propagate: Graph neural networks meet personalized pagerank},
  author={Klicpera, Johannes and Bojchevski, Aleksandar and G{\"u}nnemann, Stephan},
  year={2018}
}

@inproceedings{backstrom2011supervised,
  title={Supervised random walks: predicting and recommending links in social networks},
  author={Backstrom, Lars and Leskovec, Jure},
  booktitle={WSDM},
  year={2011}
}

@inproceedings{li2018deeper, 
  title={Deeper insights into graph convolutional networks for semi-supervised learning},
  author={Li, Qimai and Han, Zhichao and Wu, Xiao-Ming},
  booktitle={Thirty-Second AAAI Conference on Artificial Intelligence},
  year={2018}
}

@inproceedings{hamilton2017inductive,
  title={Inductive representation learning on large graphs},
  author={Hamilton, Will and Ying, Zhitao and Leskovec, Jure},
  booktitle={Advances in Neural Information Processing Systems},
  year={2017}
}

@article{velivckovic2017graph,
  title={Graph attention networks},
  author={Veli{\v{c}}kovi{\'c}, Petar and Cucurull, Guillem and Casanova, Arantxa and Romero, Adriana and Lio, Pietro and Bengio, Yoshua},
  journal={arXiv preprint arXiv:1710.10903},
  year={2017}
}

@article{arocena2015messing,
  title={Messing up with BART: error generation for evaluating data-cleaning algorithms},
  author={Arocena, Patricia C and Glavic, Boris and Mecca, Giansalvatore and Miller, Ren{\'e}e J and Papotti, Paolo and Santoro, Donatello},
  journal={Proceedings of the VLDB Endowment},
  year={2015}
}

@article{liu1989limited,
  title={On the limited memory BFGS method for large scale optimization},
  author={Liu, Dong C and Nocedal, Jorge},
  journal={Mathematical programming},
  year={1989}
}

@inproceedings{lee2019graph,
  title={Graph Convolutional Networks with Motif-based Attention},
  author={Lee, John Boaz and Rossi, Ryan A and Kong, Xiangnan and Kim, Sungchul and Koh, Eunyee and Rao, Anup},
  booktitle={Proceedings of the 28th ACM International Conference on Information and Knowledge Management},
  year={2019}
}

@article{wang2014identification,
  title={Identification of important nodes in directed biological networks: A network motif approach},
  author={Wang, Pei and L{\"u}, Jinhu and Yu, Xinghuo},
  journal={PloS one},
  year={2014},
}

@inproceedings{gori2005new,
  title={A new model for learning in graph domains},
  author={Gori, Marco and Monfardini, Gabriele and Scarselli, Franco},
  booktitle={Proceedings. 2005 IEEE International Joint Conference on Neural Networks, 2005.},
  year={2005}
}

@inproceedings{krizhevsky2012imagenet,
  title={Imagenet classification with deep convolutional neural networks},
  author={Krizhevsky, Alex and Sutskever, Ilya and Hinton, Geoffrey E},
  booktitle={Advances in neural information processing systems},
  year={2012}
}
@inproceedings{zeiler2014visualizing,
  title={Visualizing and understanding convolutional networks},
  author={Zeiler, Matthew D and Fergus, Rob},
  booktitle={European conference on computer vision},
  year={2014}
}
@inproceedings{karpathy2014large,
  title={Large-scale video classification with convolutional neural networks},
  author={Karpathy, Andrej and Toderici, George and Shetty, Sanketh and Leung, Thomas and Sukthankar, Rahul and Fei-Fei, Li},
  booktitle={Proceedings of the IEEE conference on Computer Vision and Pattern Recognition},
  year={2014}
}
@article{abdel2014convolutional,
  title={Convolutional neural networks for speech recognition},
  author={Abdel-Hamid, Ossama and Mohamed, Abdel-rahman and Jiang, Hui and Deng, Li and Penn, Gerald and Yu, Dong},
  journal={IEEE/ACM Transactions on audio, speech, and language processing},
  year={2014}
}
@article{yin2017comparative,
  title={Comparative study of cnn and rnn for natural language processing},
  author={Yin, Wenpeng and Kann, Katharina and Yu, Mo and Sch{\"u}tze, Hinrich},
  journal={arXiv preprint arXiv:1702.01923},
  year={2017}
}
@inproceedings{ying2018graph,
  title={Graph convolutional neural networks for web-scale recommender systems},
  author={Ying, Rex and He, Ruining and Chen, Kaifeng and Eksombatchai, Pong and Hamilton, William L and Leskovec, Jure},
  booktitle={KDD},
  year={2018}
}

@article{xiaonon,
  title={Non-local Attention Learning on Large Heterogeneous Information Networks},
  author={Xiao, Yuxin and Zhang, Zecheng and Yang, Carl and Zhai, Chengxiang},
  booktitle={IEEE Big Data},
  year={2019}
}

@article{tran2017community,
  title={Community detection in partially observable social networks},
  author={Tran, Cong and Shin, Won-Yong and Spitz, Andreas},
  journal={arXiv preprint arXiv:1801.00132},
  year={2017}
}

@inproceedings{kim2011network,
  title={The network completion problem: Inferring missing nodes and edges in networks},
  author={Kim, Myunghwan and Leskovec, Jure},
  booktitle={Proceedings of the 2011 SIAM International Conference on Data Mining},
  year={2011},
  organization={SIAM}
}

@article{zugner2019adversarial,
  title={Adversarial attacks on graph neural networks via meta learning},
  author={Z{\"u}gner, Daniel and G{\"u}nnemann, Stephan},
  journal={arXiv preprint arXiv:1902.08412},
  year={2019}
}

@article{dai2018adversarial,
  title={Adversarial attack on graph structured data},
  author={Dai, Hanjun and Li, Hui and Tian, Tian and Huang, Xin and Wang, Lin and Zhu, Jun and Song, Le},
  journal={arXiv preprint arXiv:1806.02371},
  year={2018}
}

@article{lu2011link,
  title={Link prediction in complex networks: A survey},
  author={L{\"u}, Linyuan and Zhou, Tao},
  journal={Physica A: statistical mechanics and its applications},
  year={2011}
}

@article{zhou2009predicting,
  title={Predicting missing links via local information},
  author={Zhou, Tao and L{\"u}, Linyuan and Zhang, Yi-Cheng},
  journal={The European Physical Journal B},
  year={2009}
}

@article{yu2017similarity,
  title={Similarity-based link prediction in social networks: A path and node combined approach},
  author={Yu, Chuanming and Zhao, Xiaoli and An, Lu and Lin, Xia},
  journal={Journal of Information Science},
  year={2017}
}

@inproceedings{yin2010unified,
  title={A unified framework for link recommendation using random walks},
  author={Yin, Zhijun and Gupta, Manish and Weninger, Tim and Han, Jiawei},
  booktitle={2010 International Conference on Advances in Social Networks Analysis and Mining},
  year={2010}
}

@article{yang2015link,
  title={Link prediction in brain networks based on a hierarchical random graph model},
  author={Yang, Yanli and Guo, Hao and Tian, Tian and Li, Haifang},
  journal={Tsinghua Science and Technology},
  year={2015}
}

@inproceedings{lin1998information,
  title={An information-theoretic definition of similarity.},
  author={Lin, Dekang and others},
  booktitle={Icml},
  year={1998}
}

@article{lee1993information,
  title={Information retrieval based on conceptual distance in IS-A hierarchies},
  author={Lee, Joon Ho and Kim, Myoung Ho and Lee, Yoon Joon},
  journal={Journal of documentation},
  year={1993}
}

@inproceedings{zugner2018adversarial,
  title={Adversarial attacks on neural networks for graph data},
  author={Z{\"u}gner, Daniel and Akbarnejad, Amir and G{\"u}nnemann, Stephan},
  booktitle={KDD},
  year={2018}
}

@article{jin2019supervised,
  title={Supervised and extended restart in random walks for ranking and link prediction in networks.},
  author={Jin, Woojeong and Jung, Jinhong and Kang, U},
  journal={PloS one},
  year={2019}
}

@article{airoldi2008mixed,
  title={Mixed membership stochastic blockmodels},
  author={Airoldi, Edoardo M and Blei, David M and Fienberg, Stephen E and Xing, Eric P},
  journal={Journal of machine learning research},
  year={2008}
}

@inproceedings{liu2018non,
  title={Non-local recurrent network for image restoration},
  author={Liu, Ding and Wen, Bihan and Fan, Yuchen and Loy, Chen Change and Huang, Thomas S},
  booktitle={Advances in Neural Information Processing Systems},
  year={2018}
}
@inproceedings{luo2017non,
  title={Non-local deep features for salient object detection},
  author={Luo, Zhiming and Mishra, Akshaya and Achkar, Andrew and Eichel, Justin and Li, Shaozi and Jodoin, Pierre-Marc},
  booktitle={Proceedings of the IEEE Conference on computer vision and pattern recognition},
  year={2017}
}


@article{paulheim2017knowledge,
  title={Knowledge graph refinement: A survey of approaches and evaluation methods},
  author={Paulheim, Heiko},
  journal={Semantic web},
  year={2017}
}

@inproceedings{park2019estimating,
  title={Estimating node importance in knowledge graphs using graph neural networks},
  author={Park, Namyong and Kan, Andrey and Dong, Xin Luna and Zhao, Tong and Faloutsos, Christos},
  booktitle={Proceedings of the 25th ACM SIGKDD International Conference on Knowledge Discovery \& Data Mining},
  year={2019}
}


%%%%%%%%%%%%%%%%%%%%%%%%%%%%%%%
@article{slimani2013description,
  title={Description and evaluation of semantic similarity measures approaches},
  author={Slimani, Thabet},
  journal={arXiv preprint arXiv:1310.8059},
  year={2013}
}

@article{sun2011pathsim,
  title={Pathsim: Meta path-based top-k similarity search in heterogeneous information networks},
  author={Sun, Yizhou and Han, Jiawei and Yan, Xifeng and Yu, Philip S and Wu, Tianyi},
  journal={Proceedings of the VLDB Endowment},
  volume={4},
  number={11},
  pages={992--1003},
  year={2011}
}

@article{ma2019ontology,
  title={Ontology-based entity matching in attributed graphs},
  author={Ma, Hanchao and Alipourlangouri, Morteza and Wu, Yinghui and Chiang, Fei and Pi, Jiaxing},
  journal={Proceedings of the VLDB Endowment},
  volume={12},
  number={10},
  pages={1195--1207},
  year={2019},
  publisher={VLDB Endowment}
}

@inproceedings{zhang2013igslr,
  title={iGSLR: personalized geo-social location recommendation: a kernel density estimation approach},
  author={Zhang, Jia-Dong and Chow, Chi-Yin},
  booktitle={SIGSPATIAL},
  year={2013}
}

@article{bialas1988random,
  title={Random cascading models and the link between long-range and short-range interactions in multiparticle production},
  author={Bialas, Andrzej and Peschanskiz, R},
  journal={Physics Letters B},
  volume={207},
  number={1},
  pages={59--63},
  year={1988}
}

@article{guille2013information,
  title={Information diffusion in online social networks: A survey},
  author={Guille, Adrien and Hacid, Hakim and Favre, Cecile and Zighed, Djamel A},
  journal={Sigmod Record},
  volume={42},
  number={2},
  pages={17--28},
  year={2013}
}

@article{fan2015association,
  title={Association rules with graph patterns},
  author={Fan, Wenfei and Wang, Xin and Wu, Yinghui and Xu, Jingbo},
  journal={Proceedings of the VLDB Endowment},
  volume={8},
  number={12},
  pages={1502--1513},
  year={2015}
}

@article{williams1959multivariate,
  title={Multivariate methods in plant ecology: I. Association-analysis in plant communities},
  author={Williams, William Thomas and Lambert, Joyce M},
  journal={The Journal of Ecology},
  pages={83--101},
  year={1959},
  publisher={JSTOR}
}

@article{fang2016supervised,
  title={Supervised sampling for networked data},
  author={Fang, Meng and Yin, Jie and Zhu, Xingquan},
  journal={Signal Processing},
  volume={124},
  pages={93--102},
  year={2016}
}

@inproceedings{monti2018motifnet,
  title={Motifnet: a motif-based graph convolutional network for directed graphs},
  author={Monti, Federico and Otness, Karl and Bronstein, Michael M},
  booktitle={2018 IEEE Data Science Workshop (DSW)},
  pages={225--228},
  year={2018},
  organization={IEEE}
}